@article{chen2012smoothing,
  title={Smoothing proximal gradient method for general structured sparse regression},
  author={Chen, Xi and Lin, Qihang and Kim, Seyoung and Carbonell, Jaime G and Xing, Eric P and others},
  journal={The Annals of Applied Statistics},
  volume={6},
  number={2},
  pages={719--752},
  year={2012},
  publisher={Institute of Mathematical Statistics}
}

@inproceedings{zhang2005learning,
  title={Learning multiple related tasks using latent independent component analysis},
  author={Zhang, Jian and Ghahramani, Zoubin and Yang, Yiming},
  booktitle={Advances in neural information processing systems},
  pages={1585--1592},
  year={2005}
}

@article{yamanishi2003extraction,
  title={Extraction of correlated gene clusters from multiple genomic data by generalized kernel canonical correlation analysis},
  author={Yamanishi, Yoshihiro and Vert, J-P and Nakaya, Akihiro and Kanehisa, Minoru},
  journal={Bioinformatics},
  volume={19},
  number={suppl 1},
  pages={i323--i330},
  year={2003},
  publisher={Oxford Univ Press}
}

@article{hotelling1936relations,
  title={Relations between two sets of variates},
  author={Hotelling, Harold},
  journal={Biometrika},
  volume={28},
  number={3/4},
  pages={321--377},
  year={1936},
  publisher={JSTOR}
}

@article{izenman1975reduced,
  title={Reduced-rank regression for the multivariate linear model},
  author={Izenman, Alan Julian},
  journal={Journal of multivariate analysis},
  volume={5},
  number={2},
  pages={248--264},
  year={1975},
  publisher={Elsevier}
}